<record><leader>00000cas a2200000 a 4500</leader><controlfield tag="001">21399153</controlfield><controlfield tag="008">900419d19431977iluwr ne      0   a0eng c</controlfield><datafield ind1=" " ind2=" " tag="010"><subfield code="a">sn 90054080 </subfield></datafield><datafield ind1=" " ind2=" " tag="040"><subfield code="a">NVF</subfield><subfield code="b">eng</subfield><subfield code="c">NVF</subfield><subfield code="d">NYS</subfield><subfield code="d">NVF</subfield><subfield code="d">OCLCQ</subfield><subfield code="d">NVF</subfield><subfield code="d">OCLCQ</subfield><subfield code="d">OCLCO</subfield><subfield code="d">NVF</subfield><subfield code="d">OCLCO</subfield><subfield code="d">OCLCF</subfield><subfield code="d">OCLCO</subfield></datafield><datafield ind1=" " ind2=" " tag="042"><subfield code="a">pcc</subfield></datafield><datafield ind1=" " ind2=" " tag="043"><subfield code="a">n-us-il</subfield></datafield><datafield ind1="0" ind2=" " tag="130"><subfield code="a">Our Sunday visitor (Springfield, Ill.)</subfield></datafield><datafield ind1="1" ind2="0" tag="245"><subfield code="a">Our Sunday visitor.</subfield></datafield><datafield ind1="1" ind2="3" tag="246"><subfield code="a">Western Catholic edition of our Sunday visitor</subfield></datafield><datafield ind1="1" ind2="3" tag="246"><subfield code="a">Western Catholic</subfield></datafield><datafield ind1=" " ind2=" " tag="250"><subfield code="a">Western Catholic ed.</subfield></datafield><datafield ind1=" " ind2=" " tag="260"><subfield code="a">Springfield, Ill. :</subfield><subfield code="b">Our Sunday Visitor,</subfield><subfield code="c">1943-1977.</subfield></datafield><datafield ind1=" " ind2=" " tag="300"><subfield code="a">v.</subfield></datafield><datafield ind1=" " ind2=" " tag="310"><subfield code="a">Weekly</subfield></datafield><datafield ind1="0" ind2=" " tag="362"><subfield code="a">Vol. 47, no. 6 (Feb. 7, 1943)-v. 81, no. 5 (Jan. 30, 1977).</subfield></datafield><datafield ind1=" " ind2=" " tag="500"><subfield code="a">Official newspaper of Diocese of Springfield, Ill.</subfield></datafield><datafield ind1="2" ind2="0" tag="610"><subfield code="a">Catholic Church</subfield><subfield code="z">Illinois</subfield><subfield code="z">Springfield</subfield><subfield code="v">Newspapers.</subfield></datafield><datafield ind1=" " ind2="0" tag="650"><subfield code="a">Catholic press</subfield><subfield code="z">Illinois</subfield><subfield code="z">Springfield</subfield><subfield code="v">Newspapers.</subfield></datafield><datafield ind1=" " ind2="0" tag="651"><subfield code="a">Springfield (Ill.)</subfield><subfield code="v">Newspapers.</subfield></datafield><datafield ind1=" " ind2="7" tag="655"><subfield code="a">Newspapers.</subfield><subfield code="2">fast</subfield><subfield code="0">(OCoLC)fst01423814</subfield></datafield><datafield ind1="2" ind2="7" tag="610"><subfield code="a">Catholic Church.</subfield><subfield code="2">fast</subfield><subfield code="0">(OCoLC)fst00531720</subfield></datafield><datafield ind1=" " ind2="7" tag="650"><subfield code="a">Catholic press.</subfield><subfield code="2">fast</subfield><subfield code="0">(OCoLC)fst01727833</subfield></datafield><datafield ind1=" " ind2="7" tag="651"><subfield code="a">Illinois</subfield><subfield code="z">Springfield.</subfield><subfield code="2">fast</subfield><subfield code="0">(OCoLC)fst01204937</subfield></datafield><datafield ind1="2" ind2=" " tag="710"><subfield code="a">Catholic Church.</subfield><subfield code="b">Diocese of Springfield (Ill.).</subfield><subfield code="k">Newspapers.</subfield></datafield><datafield ind1=" " ind2=" " tag="752"><subfield code="a">United States</subfield><subfield code="b">Illinois</subfield><subfield code="c">Sangamon County</subfield><subfield code="d">Springfield.</subfield></datafield><datafield ind1="0" ind2="0" tag="780"><subfield code="t">Western Catholic (Quincy, Ill.)</subfield><subfield code="w">(DLC)sn 90054079</subfield><subfield code="w">(OCoLC)21398947</subfield></datafield><datafield ind1="0" ind2="0" tag="785"><subfield code="t">Time &amp; Eternity</subfield><subfield code="w">(DLC)sn 90054081</subfield><subfield code="w">(OCoLC)21403349</subfield></datafield></record>